3362 5432
696 375 880 426 renense
903 353 943 420 n.
970 365 993 416 ε.
1184 303 1230 416 'a
1256 346 1450 414 ere-eso.

347 558 407 628 “Ut
421 565 549 648 inopem
565 565 659 645 atque
675 557 843 624 innoxium
859 555 914 620 aba
932 560 974 630 te,
993 565 1088 636 atque
1102 549 1156 616 sibe
1169 549 1234 614 tuis
1246 567 1298 613 me
1309 545 1450 612 irrideas.

285 693 328 759 45
353 691 437 758 Nam
461 691 499 755 de
523 694 682 774 teneque
706 687 756 764 re,
782 705 886 772 neque
909 683 1015 750 verbis
1031 680 1154 757 merui,
1179 684 1217 744 ut
1233 677 1353 742 faceres
1369 673 1452 761 quod

1351 803 1450 884 (facis.

353 947 420 1012 Mn.
446 945 555 1031 Neque
581 942 690 1030 edepol
715 963 774 1029 ogo
798 941 829 1006 te
854 940 995 1007 derisum
1018 937 1110 1015 veni,
1135 954 1237 1019 neque
1262 931 1405 998 derideo:

354 1075 464 1160 Neque
489 1074 625 1159 dignum
650 1071 795 1137 arbitror.
821 1071 880 1136 En.
906 1067 972 1135 Our
995 1070 1096 1156 igilur
1120 1065 1223 1152 pdseis
1247 1082 1353 1127 meam
1376 1080 1454 1173 gna·

1232 1187 1237 1196 ’
1267 1188 1346 1270 (isim
1375 1184 1455 1253 iibil

355 1327 423 1395 Mn.
447 1317 499 1392 ’Ut
514 1330 642 1413 propter
657 1347 709 1390 me
725 1324 784 1389 libi
802 1325 844 1389 sit
860 1322 991 1400 melius,
1009 1321 1118 1406 mique
1134 1326 1262 1406 propter
1279 1324 1309 1383 te
1326 1317 1357 1383 et
1373 1321 1454 1382 tuos.

357 1455 417 1522 En.
443 1455 537 1522 Venit
561 1456 620 1521 hoo
645 1457 709 1534 mi,
735 1453 927 1540 Megadoro,
952 1453 988 1516 in
1011 1461 1169 1528 mentem,
1194 1448 1247 1514 ted
1273 1463 1339 1513 esse
1355 1447 1457 1512 homi-

1191 1583 1278 1659 (nem
1303 1543 1455 1655 divitem,

287 1711 331 1778 50
355 1710 538 1776 Fdoliosum
547 1730 555 1789 ;
580 1710 633 1775 me
656 1711 735 1774 item
751 1729 818 1775 esee
833 1709 997 1774 hominem
1013 1706 1190 1794 pasipernm
1205 1706 1455 1793 pauperrimum.

359 1841 453 1907 Ni'rno
478 1842 505 1905 si
527 1839 628 1906 filiam
651 1839 800 1906 locassim
824 1840 929 1906 meam
952 1840 1031 1917 tibi,
1055 1841 1090 1904 in
1114 1837 1257 1904 montem
1280 1839 1385 1915 venit,

357 1969 401 2036 'Pe
425 1969 541 2036 bovem
566 1988 650 2046 esse,
676 1972 708 2032 et
732 1989 782 2033 me
807 1967 874 2034 esse
891 1967 1044 2034 asellum:
1070 1967 1127 2032 ubi
1147 1965 1253 2031 lesum
1272 1963 1458 2031 ooniunotr'rs

1347 2094 1457 2173 (siem,

358 2225 430 2292 'Ubi
454 2244 533 2289 onus
550 2196 712 2309 ¹nequeam
733 2221 814 2287 ferre
830 2222 965 2307 pariter,
983 2219 1104 2288 ieoeam
1121 2242 1180 2310 ego
1197 2224 1304 2288 asinus
1320 2222 1355 2287 in
1371 2222 1440 2288 luto
1449 2243 1458 2301 ;

359 2353 409 2418 Tri
421 2373 473 2417 me
485 2352 540 2418 bos
552 2355 656 2439 magis
668 2351 754 2417 haird
766 2350 926 2436 respicias,
943 2349 1062 2438 gnotus
1074 2354 1163 2436 qnasi
1174 2350 1353 2438 numquam
1368 2354 1457 2417 siem.

292 2483 334 2550 55
363 2473 410 2548 'Et
434 2487 465 2547 le
489 2487 562 2547 utar
584 2481 761 2568 iniquiore,
786 2484 817 2546 et
841 2479 893 2545 me
917 2501 1007 2546 meus
1033 2479 1107 2547 ordo
1131 2451 1273 2546 irrideat.

278 2768 317 2817 48.
353 2768 452 2833 proptor
470 2787 500 2810 =
518 2782 574 2832 per,
592 2767 655 2815 niet:
674 2782 779 2831 wegens,
797 2781 877 2814 mear:
895 2763 967 2824 door,
985 2764 1044 2813 door
1061 2764 1121 2828 mijn
1139 2764 1247 2813 toedoen.
1283 2763 1332 2814 Cio.
1350 2779 1393 2829 pro
1405 2762 1459 2812 Mil.

244 2854 289 2912 22,
315 2853 359 2901 58:
384 2851 495 2900 fidelibus
512 2851 600 2910 servis,
624 2854 722 2916 propter
739 2866 797 2915 quos
815 2849 887 2910 vivit,
907 2866 951 2898 aan
969 2850 1014 2900 wie
1030 2849 1064 2912 hij
1082 2849 1130 2912 zijn
1146 2848 1215 2898 leven
1232 2851 1256 2899 to
1274 2849 1368 2898 denken
1384 2847 1462 2907 hseit,
1556 2899 1560 2908 ,

241 2939 285 2988 hei
303 2938 344 2988 Gr.
363 2939 406 2992 διά
423 2955 443 2988 o.
462 2953 510 2987 eoo.

279 3033 318 3082 50.
353 3033 467 3080 fastiosos
490 3030 526 3078 rie
550 3045 580 3093 op
602 3027 635 3076 11.
661 3028 683 3076 1.
706 3029 746 3076 45.
781 3028 811 3077 In
828 3028 884 3084 deza
902 3029 1038 3078 beleekonis
1056 3029 1219 3092 (aamionlijk,
1243 3030 1269 3078 in
1285 3033 1386 3095 grooten
1402 3032 1464 3078 staat

244 3118 339 3180 levend)
358 3115 446 3178 sohijnt
462 3114 504 3164 het
521 3113 602 3162 woord
619 3111 691 3171 ἅπαξ
711 3111 847 3184 εἰρημένον
856 3135 863 3179 3
883 3113 974 3163 elders:
992 3112 1203 3180 heersehzuehtig,
1222 3109 1400 3180 partijmohtig.
1427 3111 1464 3162 Do

245 3210 388 3276 gelijlsheid,
408 3209 446 3258 dia
465 3208 524 3257 door
541 3207 600 3255 item
618 3207 695 3256 werdt
713 3207 867 3272 nitgedrnkt‚
884 3207 930 3272 lige
947 3207 1038 3257 hierin:
1057 3209 1099 3257 dat
1116 3209 1151 3257 M.
1169 3225 1222 3258 eser
1239 3209 1299 3272 rijk,
1318 3225 1347 3258 en
1365 3209 1393 3258 n.
1411 3223 1464 3257 reor

246 3313 298 3346 arm
317 3297 345 3345 is.
368 3294 431 3344 Rnd.
449 3294 491 3343 IV.
512 3294 534 3342 3.
555 3294 598 3340 59:
623 3296 679 3340 sunt
697 3290 739 3340 alii
756 3292 858 3357 puniceo
876 3293 955 3352 corio,
973 3294 1055 3358 magni
1072 3295 1132 3343 item
1149 3296 1221 3359 atque
1238 3296 1285 3343 atri
1302 3292 1397 3360 bepaalt
1414 3293 1466 3344 sich

245 3383 275 3432 da
297 3379 427 3447 gelijkheid
450 3378 527 3428 slleen
551 3380 588 3426 tot
609 3376 652 3426 het
674 3377 734 3446 siju:
758 3393 784 3426 er
804 3379 852 3442 zijn
870 3379 1003 3444 insgelijks,
1028 3395 1077 3428 onz.
1112 3381 1202 3429 Autem
1221 3380 1299 3443 (Bria)
1317 3379 1406 3443 sehijnt
1423 3365 1484 3429 dus¹

173 3503 176 3510 ·
246 3469 297 3518 niet
314 3467 409 3532 noodig.

282 3553 320 3601 51.
356 3551 467 3601 locassim
491 3551 512 3599 is
535 3551 581 3599 fut.
606 3553 681 3600 erasi.
711 3551 872 3611 ooniunolivi,
895 3552 937 3600 dat
962 3553 988 3601 in
1006 3551 1112 3602 dezelfde
1130 3551 1280 3618 verhouding
1297 3554 1359 3602 strat
1377 3554 1415 3600 tot
1431 3550 1465 3600 lo·

246 3654 330 3688 cavero
353 3637 389 3686 als
411 3636 484 3686 velim
507 3636 583 3685 nolim
607 3636 671 3685 odim
695 3637 732 3685 tot
754 3636 809 3685 volo
826 3637 882 3686 nolo
900 3637 951 3687 edo.
987 3638 1056 3688 Meet
1073 3637 1230 3688 roorbeelden
1248 3639 1285 3686 uit
1302 3638 1404 3687 Plautus
1420 3636 1467 3700 zijn

247 3724 323 3783 dixis,
349 3723 425 3789 persis
448 3723 615 3788 (peperceris),
641 3722 738 3782 iussim,
768 3723 901 3788 inspexim,
933 3724 1046 3774 eomeeeis
1067 3725 1226 3787 (comederis).
1254 3725 1341 3773 Voorts
1366 3739 1467 3782 amasso,

248 3810 339 3859 levasso
363 3809 416 3869 (fut.
441 3823 476 3857 ex.
500 3808 568 3871 ind).
603 3807 641 3858 De
664 3808 867 3873 oorspronkelijke
885 3810 986 3875 uitgang
1003 3825 1048 3859 ran
1065 3809 1107 3858 het
1125 3811 1170 3860 lut.
1187 3826 1224 3859 ex.
1241 3826 1268 3858 so
1285 3810 1305 3859 is
1323 3809 1421 3875 volgsns
1440 3809 1469 3858 de

249 3911 294 3944 aan
310 3893 353 3943 het
370 3892 449 3956 Latijn
467 3893 549 3958 eigene
567 3893 731 3959 vernisseling
747 3910 793 3943 van
812 3912 825 3944 r
843 3899 894 3944 met
910 3911 922 3944 s
940 3899 989 3958 (asa
1010 3895 1056 3944 oud
1074 3895 1155 3959 Latijn
1174 3915 1206 3940 =
1224 3898 1274 3957 ara)
1293 3896 1318 3943 in
1336 3911 1364 3946 ro
1375 3910 1469 3959 orange·

238 3998 241 4003 ·
248 3997 321 4046 gaam
339 3995 364 4028 so
382 3979 402 4028 is
414 3979 502 4029 render
511 3978 749 4044 versenigingslettor
758 3997 801 4030 aan
810 3981 856 4030 den
867 3983 929 4030 stam
939 3982 1058 4046 gevoegd;
1068 3985 1137 4030 nessi
1146 3982 1235 4031 fece-ro
1247 3980 1341 4030 bestaat
1349 3981 1379 4029 de
1389 3980 1469 4029 sterlre

249 4082 317 4116 vorm
342 4067 415 4114 fae-so
439 4066 524 4128 (laxo),
544 4066 645 4115 adae-eis
663 4066 740 4116 boves
758 4067 778 4116 1.
799 4068 820 4116 1.
841 4068 880 4117 11.
916 4069 953 4117 De
971 4066 1145 4133 verdubbeling
1164 4083 1210 4128 yan
1227 4067 1257 4116 de
1276 4083 1287 4115 s
1307 4067 1333 4116 in
1350 4067 1380 4116 de
1397 4064 1469 4115 verbe

250 4152 293 4201 der
321 4151 348 4199 le
377 4151 438 4199 eoni.
465 4153 536 4214 (asso)
558 4150 605 4200 kan
631 4151 682 4200 niet
699 4152 890 4216 oorspronkelijk
906 4153 967 4215 zijn,
991 4153 1048 4201 daar
1065 4152 1094 4201 de
1112 4151 1213 4202 dnbbele
1232 4155 1392 4202 consonanter
1408 4152 1471 4201 eerst

249 4235 411 4298 betralskelijk
427 4233 476 4283 laat
493 4235 518 4283 in
537 4233 556 4283 ’t
573 4235 652 4298 Latijn
670 4236 799 4300 ingeroerd
817 4237 874 4300 zijn.

287 4322 325 4372 52.
361 4323 385 4369 te
402 4319 488 4369 bovem
506 4336 568 4379 essa,
587 4320 642 4370 med
659 4321 777 4371 asellum?
796 4351 827 4359 -
845 4321 940 4372 Asellus
958 4321 1104 4372 meermalen
1121 4322 1209 4372 rondes
1225 4321 1376 4372 deminutire
1393 4320 1470 4371 helee-

250 4409 331 4468 lienis,
350 4407 464 4458 dasrvan:
488 4406 544 4456 ezel.

288 4494 326 4542 53.
362 4492 464 4558 pariter,
487 4495 538 4547 met
560 4491 647 4557 gelijlss
669 4493 762 4543 kraoht.
782 4494 841 4544 Hor.
861 4495 906 4544 Od.
925 4496 945 4545 1.
968 4496 1007 4544 35.
1029 4496 1074 4544 28:
1100 4496 1162 4545 ferre
1179 4497 1262 4562 iugum
1275 4497 1366 4566 pariter
1385 4496 1473 4559 dolosi,

252 4579 290 4630 De
307 4582 383 4628 eerste
400 4577 510 4627 zinsnede
528 4581 578 4627 met
594 4579 635 4628 ubi
653 4578 674 4628 is
690 4595 735 4629 san
752 4580 782 4629 de
800 4581 890 4631 twaede
907 4580 1092 4646 ondorgesehiki
1105 4582 1331 4647 (gesubordineerd).
1364 4582 1416 4648 Vgl.
1430 4594 1475 4632 een·

253 4663 305 4714 veel
322 4661 414 4712 sterias
431 4661 558 4712 voorbeeld
575 4669 626 4712 met
644 4663 665 4712 si
684 4664 751 4713 Trin.
770 4664 803 4714 Π.
823 4667 845 4714 4.
865 4664 905 4717 67.
1455 4721 1460 4734 ,

289 4750 328 4799 54.
346 4750 414 4814 quasi
431 4769 464 4794 =
481 4750 596 4814 quamsi,
621 4767 669 4816 nog
686 4766 716 4816 op
734 4750 786 4800 dria
803 4750 909 4816 plaatsen
926 4769 957 4802 ne
975 4768 1018 4801 een
1036 4753 1213 4818 comparativus
1231 4752 1263 4816 bij
1283 4753 1324 4812 Ρ.,
1340 4753 1431 4803 Lorsnr
1441 4769 1471 4819 op

255 4835 310 4886 Mil.
328 4837 390 4885 481:
409 4852 484 4902 neque
500 4862 535 4873 -
551 4836 605 4902 plus
626 4840 707 4896 curat,
725 4836 793 4902 quasi
810 4853 858 4886 non
874 4839 1018 4888 servitutem
1036 4839 1132 4890 serviat..
1293 4834 1314 4864 *
