3362 5432
189 452 222 499 r.
248 431 397 500 26-39.
630 443 832 506 sununsarr,
857 444 948 494 raon.

306 629 397 709 Feci,
422 629 631 695 thensaurum
655 631 692 693 ut
715 625 768 692 hic
791 627 945 712 reperiret
968 623 1098 703 Euclio,

307 758 376 839 Quo
400 757 490 823 illim
514 755 640 822 facilius
664 755 819 842 nuptum,
845 756 873 820 ei
897 753 1010 831 vellit,
1036 753 1134 819 daret.

306 885 390 953 Nam
414 883 484 951 ebm
509 885 696 969 compressit
719 882 757 948 ds
781 901 907 974 summo
928 879 1111 947 adulescens
1124 879 1203 946 loco.

308 1014 339 1080 ls
363 1012 424 1080 scit
447 1011 632 1078 adulescens
657 1008 735 1097 quae
760 1011 820 1088 sit,
850 1031 945 1098 quam
967 1009 1204 1096 compresserit,

240 1141 284 1208 30
308 1142 370 1208 llla
392 1140 487 1208 illum
510 1140 629 1218 nescit,
644 1139 746 1225 neque
759 1158 972 1224 compressam
985 1135 1093 1204 autem
1105 1143 1203 1223 pater.

307 1269 389 1336 Eam
414 1288 473 1354 ego
497 1267 590 1334 hbdic
615 1266 749 1345 faciam,
770 1270 807 1332 ut
822 1266 875 1331 hic
891 1286 986 1332 senex
999 1266 1037 1332 de
1049 1266 1204 1352 proxumo

307 1397 375 1464 Sibi
398 1397 530 1462 uxbrem
547 1400 665 1481 poscat.
691 1394 725 1460 id
749 1415 786 1460 ea
810 1395 926 1460 faciam
949 1393 1072 1480 gratia,
1121 1391 1123 1396 ’

306 1523 374 1606 Quo
398 1522 454 1590 ille
479 1522 549 1589 sim
573 1522 698 1590 facilius
723 1521 841 1599 ducat,
867 1523 923 1608 qni
944 1519 1181 1607 compresserat.

305 1652 348 1719 ut
370 1652 424 1718 hic
448 1653 504 1737 qui
527 1656 634 1738 poscet
659 1649 728 1716 ehm
752 1651 815 1716 sibi
838 1649 969 1716 uxorem
991 1669 1105 1727 senex,

238 1779 280 1846 35
307 1779 338 1846 Is
363 1778 574 1847 adulescentis
590 1779 694 1846 illiust
718 1777 912 1857 avonculus,

306 1908 368 1990 Qui
391 1907 483 1974 illtm
507 1909 665 1994 stupravit
688 1906 802 1985 noctu,
828 1904 952 1974 (lereris
976 1905 1110 1992 vigiliis.

307 2035 371 2104 Sed
393 2037 447 2104 hic
470 2057 567 2103 senex
589 2039 655 2104 iam
680 2034 798 2102 climat
821 2036 927 2114 intus,
951 2034 989 2100 rit
1012 2033 1101 2100 solet.

304 2164 413 2231 Amim
439 2166 522 2231 foras
547 2162 702 2243 extrudit,
728 2184 768 2229 ne
793 2165 835 2229 sit
860 2163 995 2229 conscia.

306 2291 408 2362 Oredo
433 2294 548 2360 airum
572 2295 729 2380 inspicere
752 2292 838 2372 volt,
864 2312 904 2358 ne
929 2291 1114 2377 surruptum
1132 2293 1202 2357 siet.

222 2523 261 2574 83.
298 2526 471 2590 compresserat
496 2523 518 2573 is
544 2538 601 2573 eene
627 2521 731 2587 onjuists
749 2523 885 2573 consecutio
903 2524 1055 2588 temporum,
1076 2522 1117 2572 die
1135 2521 1239 2572 evanue]
1257 2521 1308 2572 niet
1325 2521 1413 2571 condar

185 2608 328 2674 analogiebn
346 2608 378 2667 ia;
399 2607 425 2658 in
442 2606 556 2673 gedachte
574 2607 653 2657 wurdt
671 2621 876 2673 ovsrgeaprongcn
893 2609 931 2656 tot
948 2607 995 2657 den
1012 2607 1071 2670 tijd,
1090 2621 1184 2672 waarop
1202 2606 1231 2656 dc
1242 2606 1410 2670 Larzijndoel

189 2691 226 2743 nel
251 2692 346 2743 bereikt
370 2693 478 2743 hebben:
502 2693 560 2742 lecit
577 2692 616 2752 id,
635 2695 663 2742 ut
679 2692 721 2742 ille
739 2708 790 2742 eam
810 2691 904 2742 facilius
922 2693 1033 2752 duceret,
1051 2692 1092 2757 qui
1110 2695 1290 2758 compresserat.
1308 2692 1408 2758 Eleniga·

189 2778 241 2828 rins
258 2781 282 2829 te
300 2777 445 2844 vergelijlreu
463 2778 498 2828 ia:
516 2778 607 2828 adduco
625 2777 698 2837 hauc,
717 2781 745 2829 nt
762 2778 853 2828 dudum
871 2778 995 2838 dixeram,
1011 2779 1077 2828 Pars.
1095 2777 1137 2828 IV.
1156 2780 1179 2827 4.
1190 2777 1235 2838 27,
1253 2777 1407 2828 Menaechm.

188 2862 250 2930 prol.
267 2862 311 2922 17,
336 2879 399 2912 waar
416 2861 446 2913 de
469 2863 566 2929 spretor
587 2863 641 2914 rich
658 2862 753 2913 evanals
771 2867 790 2912 t.
809 2864 832 2913 d.
849 2879 873 2929 p.
891 2863 916 2912 in
935 2879 979 2914 een
996 2863 1101 2912 anderen
1118 2863 1163 2927 tijd
1180 2863 1267 2923 dankt,
1286 2863 1332 2914 dan
1349 2864 1407 2913 door

188 2949 235 3000 dan
251 2947 453 3014 grammatilralen
471 2964 539 2999 vorm
557 2948 635 3000 werdt
652 2963 812 3014 aengegeven.
1119 2933 1124 2944 ’

221 3033 268 3084 Ille
285 3050 315 3084 an
333 3050 383 3084 esse
400 3034 530 3084 verkorten
546 3034 649 3098 dikvrijls
667 3034 696 3084 de
714 3037 791 3084 aerata
808 3031 913 3098 syllaba,
932 3032 968 3082 rie
984 3032 1110 3099 inleiding.

226 3120 266 3169 80.
302 3117 395 3169 cararia
412 3118 511 3184 vigiliis,
529 3136 572 3169 een
589 3119 720 3184 nachtelijlr
738 3121 798 3169 feast
815 3122 854 3168 ter
871 3134 924 3168 eere
942 3134 987 3167 van
1006 3117 1091 3178 Ocrea,
1119 3117 1226 3168 uellicht
1243 3119 1272 3169 de
1292 3117 1407 3168 'Phasma-

190 3205 288 3270 phoria;
316 3204 362 3270 vgl.
389 3199 496 3255 heneden
521 3206 564 3255 IV.
592 3206 632 3255 10.
660 3207 700 3256 bb.
735 3204 857 3271 Eigenlijlr
873 3205 970 3254 konden
987 3204 1049 3254 noch
1061 3206 1194 3255 Laconidea
1210 3204 1273 3254 noch
1290 3204 1409 3255 Phaedria

191 3291 292 3340 marran
308 3289 362 3340 deal
378 3306 478 3351 namen,
502 3292 584 3341 emdat
601 3291 630 3342 de
647 3290 838 3357 Thesmophoria
854 3290 931 3340 alleen
948 3291 1007 3340 door
1024 3292 1161 3356 getrouwde
1184 3307 1296 3342 vrouwen
1312 3292 1409 3342 werden

190 3377 300 3442 gariard3
328 3392 395 3427 mear
420 3377 462 3427 het
487 3378 547 3428 feast
573 3377 639 3427 heeft
665 3378 736 3428 acher
762 3376 808 3427 oolr
825 3393 883 3427 roor
900 3376 1004 3426 anderen
1021 3377 1157 3443 aanlciding
1174 3380 1211 3427 tot
1227 3377 1408 3444 losbandigheid

189 3479 301 3529 gegeven.
337 3462 374 3513 De
393 3463 524 3514 Grielrsohe
543 3465 633 3514 ieesten
651 3468 688 3514 tar
706 3479 759 3513 cere
777 3480 822 3513 van
840 3463 911 3513 Ceres
923 3464 1019 3515 werden
1037 3465 1160 3529 overigsna
1177 3480 1234 3513 naar
1251 3465 1327 3513 Rome
1341 3480 1408 3514 orer-

190 3548 319 3615 gebracht,
349 3565 379 3598 cn
406 3549 452 3599 oolr
478 3551 535 3599 daar
561 3551 619 3600 door
645 3550 674 3599 de
695 3553 818 3600 matronae
836 3549 940 3615 gariard.
976 3548 1045 3598 Paul.
1064 3566 1087 3616 p.
1106 3549 1151 3610 97,
1170 3549 1240 3600 Orid.
1259 3550 1359 3600 Metam.
1378 3551 1408 3600 X.

190 3617 377 3694 431,⁶Preller,
395 3636 464 3684 Rom.
483 3635 564 3700 Myth.
582 3652 605 3702 p.
624 3637 688 3695 438,
706 3634 754 3701 vlg.

224 3721 265 3770 39.
301 3723 449 3787 corruptum.
486 3721 615 3787 Surrupio,
633 3721 762 3786 surrupui,
780 3723 934 3786 surruptum,
951 3720 1110 3785 surrupticias
1127 3718 1219 3769 hebben
1242 3719 1307 3783 bijna
1329 3720 1409 3770 overal

189 3806 250 3869 (niet
266 3808 292 3857 te
308 3807 379 3856 dener
396 3806 509 3872 plastae),
537 3823 596 3856 soor
613 3822 725 3856 aoorerre
741 3805 834 3856 bekehd
852 3807 880 3864 is,
899 3805 1012 3855 debeata
1029 3805 1096 3854 HSS.
1113 3821 1160 3854 van
1178 3805 1292 3865 Plautum
1310 3806 1409 3856 duaren-

190 3892 259 3955 tegen
284 3889 386 3962 arripio,
406 3891 496 3957 eripio,
520 3890 613 3957 deripio
632 3891 708 3952 (tuiis.
728 3891 793 3940 Men.
814 3891 902 3951 1006),
921 3890 1016 3955 diripio.
1051 3889 1089 3939 De
1107 3905 1226 3956 evergang
1243 3908 1288 3940 van
1306 3907 1319 3940 a
1337 3893 1374 3940 tot
1391 3907 1407 3940 u

189 3976 211 4025 is
228 3977 286 4026 door
303 3976 445 4026 assimilatio
463 3979 514 4026 met
531 3977 561 4026 de
580 3980 658 4026 eerste
674 3975 767 4042 syllaba
778 3976 924 4035 bevorderd,
943 3975 1021 4024 zooals
1033 3975 1058 4024 in
1068 3976 1192 4041 tugurium
1203 3991 1260 4026 roor
1273 3977 1406 4042 tegurium,

190 4077 269 4110 socors
284 4060 321 4110 uit
339 4077 430 4120 secors,
449 4076 513 4110 soma
531 4061 577 4110 ook
593 4060 687 4111 soboles
703 4076 791 4110 navans
809 4059 916 4119 suboles,
934 4059 1019 4108 irritus
1037 4076 1082 4110 van
1100 4064 1174 4109 ratus.
1209 4060 1262 4126 vgl.
1282 4059 1406 4125 orerigens

177 4145 292 4206 insulto,
309 4147 434 4212 proculco,
451 4145 570 4206 insulsus,
588 4163 691 4214 occupo,
709 4147 810 4196 Gorascn
827 4146 848 4196 Ι.
866 4163 889 4212 p.
909 4147 966 4196 314.

222 4232 310 4282 ueniet
330 4233 505 4300 interrogatief.
531 4232 600 4299 Oapt.
625 4234 646 4284 I.
673 4234 696 4283 2.
725 4233 770 4282 18:
799 4232 888 4291 visam,
914 4246 945 4281 ne
970 4235 1041 4281 nocte
1058 4232 1103 4283 hac
1120 4232 1228 4298 quipiam
1246 4231 1405 4282 turbaverint.

189 4319 264 4370 Most.
281 4319 329 4371 111.
349 4321 372 4370 a.
393 4321 449 4371 loa.
