3366 5432
206 452 237 498 r.
266 431 458 498 335-343.
658 447 843 494 Annunserl
867 427 958 524 113'5.

322 630 376 699 (lo.
404 630 465 711 Qui
490 626 584 694 vere?
609 627 662 694 ΒΨ.
687 625 841 715 Rogitas?
865 601 930 693 isui
953 628 1109 712 principio
1133 630 1168 691 in
1192 625 1321 694 aedibus

320 757 428 824 Turba
450 758 525 822 istie
549 756 641 821 nulla
665 757 727 820 tibi
750 758 826 821 erit:
852 758 880 819 si
904 757 959 840 qui
983 754 1032 819 uti
1055 753 1162 832 voles,
1269 735 1272 740 ⁵

256 888 295 967 15
323 887 427 954 Demo
450 885 506 952 ebs
531 892 562 951 te
588 884 725 963 adferto,
751 905 792 950 ue
816 885 944 970 dperem
969 883 1080 969 perdas
1104 884 1241 968 pdseere.

322 1013 386 1080 Hie
411 991 518 1080 auteur
543 1013 627 1099 apud
650 1033 708 1078 nos
731 1011 849 1096 migne
873 1011 968 1076 turba
992 1032 1029 1076 ae
1053 1009 1226 1094 fdmiliest,

227 1191 229 1198 .
323 1143 511 1229 Suppdllex,
538 1163 669 1219 eurum,
696 1141 809 1220 vestis,
836 1161 912 1208 vase
937 1140 1105 1226 argentee:

322 1271 371 1337 lbi
395 1272 422 1337 si
446 1274 576 1358 perierit
598 1239 762 1356 quippiam
787 1275 861 1354 (quo
887 1268 919 1333 te
943 1271 1008 1334 seio

323 1401 430 1468 Facile
455 1399 612 1466 dbstinere
636 1401 744 1485 pesse,
770 1399 797 1462 si
820 1397 903 1463 nihil
927 1396 1097 1477 dbviamst)
1204 1423 1208 1430 ¹

256 1530 300 1595 20
324 1527 456 1594 Dicent:
483 1530 549 1593 eoei
574 1523 790 1602 abstulerunt,
817 1523 1090 1608 comprehendite,

324 1657 464 1734 Vincite,
477 1648 667 1732 'verberltu
692 1657 728 1720 in
750 1659 884 1739 puteum
910 1653 1044 1718 uendite.

325 1784 450 1849 Horrim
474 1783 533 1848 tibi
556 1784 628 1848 istie
653 1781 736 1846 nihil
762 1783 902 1846 eveniet:
929 1781 1045 1866 quippe
1069 1781 1125 1864 qui
1152 1839 1153 1846 ,

325 1913 389 1978 Ubi
413 1911 495 1998 qudd
518 1912 702 1997 subrupias,
727 1909 811 1976 nihil
835 1915 892 1976 est.
918 1929 1048 1995 sequere
1066 1908 1125 2001 hee
1141 1907 1202 1973 me.
1222 1903 1276 1972 Ge.
1295 1905 1424 1992 Sequor.

210 2121 303 2170 konren.
329 2147 363 2157 --
388 2118 426 2169 De
448 2117 568 2184 afdeeling
584 2133 630 2168 van
647 2118 693 2168 den
710 2121 822 2184 anapaest
839 2117 890 2167 aine
903 2133 952 2182 pre
969 2143 1002 2156 ·-
1019 2117 1047 2165 in
1063 2114 1105 2164 het
1122 2114 1204 2179 rorigo
1219 2130 1272 2164 vers
1289 2114 1310 2163 is
1334 2118 1358 2164 te
1376 2131 1427 2164 ver·

212 2203 395 2269 ontsehuldigen
423 2204 481 2253 door
507 2203 536 2253 de
562 2217 644 2254 nanus
661 2202 852 2268 seneensluiting
870 2218 916 2252 san
933 2201 963 2251 de
980 2200 1125 2267 praepositis
1142 2216 1172 2250 en
1189 2199 1248 2249 haar
1265 2216 1340 2250 nasus.
1375 2200 1428 2266 Vgl.

210 2291 244 2340 Π.
263 2295 286 2339 t.
307 2291 344 2339 18.
383 2328 387 2334 ,

245 2376 315 2443 perit.
351 2376 434 2425 Perire
461 2375 538 2426 werdt
563 2376 650 2440 gezegd
676 2391 723 2424 van
746 2374 886 2433 weldaden,
913 2375 952 2425 die
969 2377 1082 2439 vergatur
1100 2374 1203 2424 worden.
1239 2371 1324 2423 Oetall.
1341 2373 1381 2425 76.
1401 2375 1428 2421 9:

213 2463 294 2511 omnis
312 2476 372 2525 qnae
389 2461 496 2526 ingratae
513 2461 637 2525 perierunt
655 2460 745 2510 eredita
763 2461 847 2511 menti.
882 2461 929 2510 Zeu
947 2460 973 2508 in
990 2458 1136 2509 'tGriekseh
1153 2462 1263 2522 σώζειν,
1287 2459 1313 2508 iu
1330 2459 1431 2524 gedaeh·

215 2557 277 2606 teuis
296 2557 322 2604 01
328 2557 363 2605 in
381 2572 435 2606 eere
451 2555 553 2605 houden.

250 2643 289 2690 13.
325 2643 373 2692 iam
400 2643 533 2707 principio,
560 2642 619 2701 uel,
645 2644 766 2692 vooreerst
789 2669 834 2700 -‚
862 2642 899 2691 dit
916 2641 1046 2708 principio,
1067 2655 1161 2705 uusrep
1181 2656 1241 2705 geen
1258 2640 1315 2689 dein
1331 2640 1357 2689 ol
1372 2641 1388 2688 i.
1406 2641 1429 2690 d.

213 2728 278 2796 rolgt
305 2729 362 2794 (ng.
390 2731 443 2778 Ter.
470 2729 532 2778 Eun.
559 2729 588 2778 V.
616 2730 638 2778 8.
659 2731 713 2790 39),
737 2729 891 2779 uordt‘door
908 2728 1029 2778 Strobilus
1045 2731 1096 2777 met
1114 2727 1199 2776 zekere
1217 2726 1350 2793 destighsid
1367 2728 1393 2776 in
1411 2727 1430 2775 't

213 2815 283 2878 begin
300 2830 345 2863 ven
363 2815 408 2875 siju
427 2814 513 2878 betoog
530 2813 651 2878 gebruilrt.
687 2815 741 2862 Iam
757 2816 779 2863 is
796 2813 838 2863 het
856 2813 987 2864 Grieksehe
1005 2811 1105 2866 adscita.

247 2907 284 2954 14.
320 2905 404 2965 turbe,
422 2922 466 2955 sen
484 2907 605 2955 veruarde
616 2906 730 2970 menigte‚
749 2906 846 2979 ὄχλος,
865 2923 911 2956 ven
928 2907 1040 2958 huisread
1058 2924 1088 2957 en
1106 2904 1374 2974 kenkengsreedselrap‚
1393 2907 1429 2958 zie
1485 2971 1487 2976 ,

214 3015 236 3047 s.
256 2999 295 3051 17.
313 3027 347 3038 -
364 3001 412 3064 Qui
431 2999 520 3060 atlas,
537 3001 573 3050 zie
591 3001 668 3050 boren
685 2998 747 3065 prol.
766 3001 805 3049 24.

248 3088 287 3135 15.
322 3102 419 3152 poscere
449 3103 506 3137 reor
526 3088 642 3152 poscendo
661 3086 784 3153 (eigenlijlr
801 3088 823 3137 is
839 3088 869 3138 de
886 3088 930 3137 inf.
949 3087 1106 3152 uitdrulrking
1123 3103 1170 3174 vqn
1187 3066 1233 3138 hel
1249 3087 1316 3147 doel,
1334 3088 1363 3137 de
1381 3088 1428 3137 abl.

213 3187 262 3234 ger.
280 3171 491 3235 instrumentalis).
526 3173 580 3237 Vgl.
598 3173 663 3222 Men.
681 3174 715 3222 Π.
735 3175 758 3222 1.
779 3174 822 3222 19:
842 3187 939 3240 operam
960 3177 1084 3238 praeterea
1101 3189 1232 3239 numquam
1250 3189 1343 3222 sumam
1361 3189 1431 3238 quae·

216 3273 274 3306 rere.
311 3256 397 3306 Pseud.
415 3256 458 3306 IV.
475 3255 498 3308 7.
517 3259 564 3306 42:
582 3274 679 3324 eperum
697 3259 734 3307 ise
751 3259 877 3324 eompendi
894 3274 1014 3323 quaerere.

243 3341 282 3394 17.
317 3345 391 3392 vestis
417 3342 539 3391 eolleeties
564 3363 596 3389 =
623 3343 697 3394 vestis
723 3343 842 3409 stragula,
870 3343 982 3395 koetbure
1008 3344 1103 3410 spreien
1130 3359 1188 3413 soor
1205 3344 1234 3393 de
1252 3343 1431 3408 senligbedden.

213 3429 269 3494 Vgl.
288 3429 347 3478 Hor.
366 3429 415 3477 sat.
434 3429 467 3477 II.
487 3430 510 3476 6.
531 3430 586 3478 103.

249 3517 287 3564 18.
322 3515 522 3579 qno-obriamst
539 3532 597 3564 eene
614 3515 766 3580 oudeugeude
783 3516 927 3582 opmerking
943 3531 963 3565 z.
973 3532 987 3565 v
997 3533 1025 3565 e.
1041 3517 1067 3566 ik
1076 3519 1137 3565 west
1145 3515 1190 3565 wel
1199 3515 1241 3565 det
1249 3515 1281 3580 gij
1291 3530 1335 3565 een
1346 3515 1429 3578 eerlijk

215 3617 269 3650 mer
287 3601 342 3663 sijt,
414 3599 449 3649 als
467 3617 493 3649 er
510 3601 573 3649 niets
590 3605 614 3650 te
633 3601 711 3650 stelen
731 3600 788 3650 velt.
825 3603 891 3667 Quo,
907 3617 971 3650 nam.
982 3605 1009 3650 ut
1017 3618 1061 3667 per
1070 3605 1094 3650 te
1104 3604 1186 3667 pereat
1196 3600 1294 3666 aliquid.
1320 3600 1358 3650 De
1367 3601 1433 3651 HSS.

214 3687 306 3736 hebben
330 3687 404 3752 qnod,
423 3687 464 3735 dat
482 3687 517 3735 als
534 3687 683 3736 aecusativus
701 3691 772 3752 tegen
788 3687 817 3737 de
835 3687 884 3736 taal
901 3686 995 3750 strijdt,
1015 3687 1050 3736 als
1068 3686 1206 3736 coniunctio
1223 3702 1283 3751 geen
1304 3685 1431 3749 behoorlij·

214 3775 261 3823 ken
276 3775 316 3826 ain
335 3775 406 3838 gesft.

249 3861 288 3908 21.
324 3860 425 3909 condite.
460 3859 514 3926 vgl.
541 3860 627 3910 Pseud.
652 3860 672 3909 Ι.
692 3861 714 3908 5.
735 3859 794 3910 119;
817 3860 951 3926 numquid
970 3857 1164 3918 eansees1,ilieo
1188 3858 1289 3924 quinte
1308 3857 1432 3922 inpistri-

214 3961 271 3995 num
291 3946 410 3994 condem?
490 3932 492 3936 ¹
716 3979 719 3990 .

249 4032 288 4080 22.
324 4032 411 4095 qnippe
428 4030 476 4095 qui.
512 4031 560 4097 Qui
578 4031 598 4079 is
617 4030 767 4095 versterlring
789 4046 836 4079 ren
858 4030 959 4096 qnippe:
981 4029 1087 4078 immers.
1123 4029 1185 4079 Rud.
1203 4030 1237 4078 II.
1257 4029 1279 4077 3.
1300 4029 1430 4076 idretiem

144 4181 147 4188 .
215 4119 256 4181 qui
284 4117 304 4165 it
327 4117 433 4166 lavatum
460 4117 486 4164 in
518 4115 635 4175 balineas,
666 4132 738 4181 quom
765 4115 800 4164 ibi
817 4115 901 4164 sedule
918 4131 960 4164 sus
978 4115 1121 4166 vestimenta
1138 4117 1230 4172 servet,
1248 4117 1329 4163 tumen
1347 4113 1429 4162 subru-

215 4202 340 4266 piuntun,
354 4203 441 4270 quippe
467 4201 508 4265 qui
537 4215 609 4265 quem
634 4200 771 4260 illornmd')
793 4200 908 4248 observat
925 4198 1023 4258 salensi,
1041 4200 1142 4249 immers
1158 4197 1191 4260 hij
1210 4197 1319 4262 bedriegt
1336 4197 1388 4245 zieh
1406 4199 1431 4246 in

215 4289 261 4337 den
279 4303 393 4353 persone,
411 4287 466 4336 dien
485 4286 518 4350 hij
535 4288 562 4336 in
579 4286 654 4351 'toog
676 4285 759 4336 houdt.
795 4286 849 4334 Ter.
868 4285 942 4334 Haut.
960 4285 1008 4334 111.
1027 4286 1050 4334 2.
1069 4283 1115 4336 27:
1133 4285 1221 4350 quippe
1238 4284 1430 4348 quimagnernm

215 4389 284 4440 saepe
300 4374 325 4423 id
343 4373 475 4422 remedium
493 4372 701 4436 aegritudinumst.
737 4372 807 4421 True.
825 4372 846 4420 Ι.
866 4373 887 4420 l.
906 4373 947 4420 49.
982 4372 1030 4419 200
1047 4371 1087 4435 pol
1104 4371 1159 4435 qni,
1176 4368 1258 4418 hercle
1274 4369 1328 4434 qui,
1348 4368 1429 4433 edepol

216 4461 269 4524 qui,
287 4460 360 4523 atqui.
396 4458 436 4506 Zie
453 4458 591 4508 Fleckeisen
610 4458 673 4506 Krit.
692 4457 763 4506 Mise.
782 4475 804 4523 p.
825 4458 863 4506 32.
899 4456 953 4518 qu
970 4457 1078 4522 qni-dem
1097 4457 1116 4505 is
1133 4454 1242 4505 wellieht
1265 4455 1360 4504 dearsit
1378 4458 1430 4504 ont·

216 4550 290 4596 steen.
326 4543 475 4607 (Eeuigszins
493 4545 513 4592 is
530 4545 554 4592 ie
571 4543 717 4608 vergelijken
734 4547 769 4605 ὡς
791 4545 816 4592 in
838 4542 984 4613 ὑπερφυῶς
1007 4547 1061 4604 ὡς,
1084 4545 1219 4614 ἀμήχανον
1240 4541 1315 4602 ὅσον).

251 4641 290 4690 23.
326 4639 450 4704 subrnpies
476 4639 512 4687 zie
537 4639 614 4687 boren
643 4653 673 4704 op
704 4633 764 4701 prol.
792 4637 830 4685 39.
866 4636 904 4699 Bij
923 4636 952 4685 de
969 4635 1054 4685 leststs
1072 4635 1182 4684 woordeu
1199 4650 1259 4700 gaan
1276 4633 1383 4699 Phrugis
1401 4650 1429 4683 en

216 4728 311 4776 Antrsx
328 4741 386 4775 naar
403 4725 444 4774 het
461 4724 517 4774 huis
534 4741 578 4774 van
597 4722 748 4788 Megadorus.
