3362 5432
743 384 992 485 concucurrit
1018 399 1041 448 e.
1057 471 1072 488 s
1244 401 1276 449 v.
1305 381 1496 450 194-204.

399 587 529 653 Nemini
554 586 664 664 credo,
691 587 746 672 qui
769 585 859 671 large
884 581 1034 650 blondust
1059 583 1146 652 diues
1170 582 1310 669 pauperi.

330 715 374 784 20
398 716 470 781 'Ubi
493 735 627 780 menum
650 713 743 779 inicit
766 714 923 799 benigne,
946 713 992 777 ibi
1017 711 1110 777 emat
1134 711 1274 798 aliquam
1298 710 1442 776 sirmium.

400 838 478 930 'ligo
493 846 571 908 istos
587 845 663 909 novi
678 841 832 928 polopos,
850 843 907 927 qui
923 840 980 906 ubi
996 839 1150 927 quidquid
1166 837 1359 924 tetigerunt,
1372 843 1494 904 tenent.

398 971 467 1038 Mu.
500 969 551 1037 De
581 971 628 1037 mi
660 960 787 1056 operam
819 966 999 1054 parumper.
1032 969 1159 1053 paucis,
1189 965 1320 1046 Euclio,
1347 965 1499 1052 estquod

1361 1096 1404 1175 (ti
1427 1095 1499 1163 solo

398 1227 446 1295 Dt
472 1230 633 1295 communi
656 1249 691 1294 re
715 1226 891 1314 tppcllece,
916 1227 988 1293 mea
1009 1233 1040 1293 et
1055 1232 1121 1294 tus.
1146 1225 1205 1294 Eu.
1224 1229 1253 1292 ci
1271 1227 1388 1292 misero
1406 1221 1496 1291 mihil

400 1357 525 1423 Aurum
541 1358 587 1422 mi
602 1357 690 1422 intus
707 1355 959 1442 hfupegetumet.
978 1356 1063 1422 nuno
1075 1357 1128 1422 hic
1143 1376 1211 1422 eam
1224 1376 1293 1421 rem
1306 1353 1373 1420 volt
1382 1401 1391 1433 ,
1417 1354 1481 1420 scio
1490 1401 1499 1432 ,

331 1485 373 1554 25
399 1484 531 1553 Mecum
555 1484 641 1549 edire
667 1484 706 1548 ad
729 1481 930 1569 pictionem3
963 1483 1076 1549 verum
1099 1481 1288 1549 intervistm
1312 1481 1451 1547 domum.

397 1611 464 1678 Mu.
492 1611 560 1692 Quo
586 1607 674 1676 abisf
699 1609 757 1676 Eo.
783 1611 919 1677 Iamiam
944 1610 1222 1690 edisseruntur,
1248 1631 1325 1677 nom
1349 1609 1398 1676 cst
1417 1609 1500 1696 quod

1182 1736 1331 1818 (invisum
1358 1737 1499 1803 domum.

398 1867 466 1935 Mn.
493 1865 593 1934 Orcho
618 1867 746 1954 edepol,
772 1867 828 1932 ubi
852 1867 1049 1933 mentionem
1073 1887 1132 1953 ego
1157 1865 1258 1933 fecero
1284 1866 1322 1932 de
1346 1866 1433 1945 iilia,

401 1997 511 2066 Misit
536 1995 745 2083 despondett,
773 2017 839 2062 sese
865 2018 883 2062 e
907 2018 959 2062 mc
984 1997 1119 2064 derideri
1143 1997 1273 2063 rebitur.
1298 2025 1299 2030 ¹
1367 2082 1372 2090 Ι

399 2126 509 2212 Neque
533 2125 590 2190 illo
615 2129 813 2212 quisquamst
837 2125 916 2192 titos
940 2125 1034 2191 hodie
1058 2147 1096 2190 ex
1120 2124 1305 2211 paupertate
1328 2122 1461 2212 porcien.

321 2266 361 2315 19,
395 2251 486 2312 nemini
513 2260 598 2321 oredo,
628 2261 669 2327 qui
692 2289 727 2300 —
750 2261 824 2311 dives.
859 2261 934 2312 Dives
950 2263 971 2312 ie
988 2278 1046 2312 neor
1064 2263 1110 2312 deu
1126 2262 1244 2313 relatives
1260 2262 1299 2311 nin
1317 2255 1503 2328 ciergebrscht,

287 2367 359 2402 socr:
376 2349 469 2400 nemini
488 2348 573 2408 diviti,
591 2348 632 2413 qui
650 2375 690 2396 -.
710 2347 760 2397 Het
775 2348 952 2398 substantivum
970 2349 1035 2398 richt
1051 2348 1105 2398 cich
1122 2346 1190 2398 aldus
1201 2348 1314 2398 nssrden
1325 2364 1392 2398 casus
1404 2364 1450 2398 van
1461 2347 1504 2398 het

283 2437 429 2494 relativum,
447 2435 525 2484 zooels
543 2434 568 2483 in
586 2431 732 2483 'tGriehsch
749 2433 892 2498 gewoonlijk
909 2433 941 2497 bij
961 2434 990 2483 de
1007 2435 1120 2484 attractio
1136 2433 1179 2482 het
1197 2433 1352 2500 omgekeerde
1368 2430 1503 2500 geschi'edt,

286 2525 327 2574 ciat
350 2520 466 2586 namelijk
489 2520 531 2570 het
553 2519 682 2570 relativum
700 2521 745 2569 den
768 2536 835 2569 ossus
853 2535 897 2569 van
914 2521 962 2584 siju
979 2521 1121 2570 antecedent
1138 2523 1271 2570 aenneemt.
1288 2521 1447 2572 usfulli-8.
1458 2521 1502 2572 81:

285 2613 401 2676 petronus
417 2607 460 2673 qui
479 2606 547 2655 vohis
565 2606 612 2654 fuit
628 2606 726 2654 iuturus
743 2606 888 2671 perdidistis.
925 2605 993 2656 Curc.
1012 2605 1059 2655 111.
1079 2607 1121 2655 63:
1142 2610 1170 2655 ut
1187 2606 1209 2656 ci
1226 2607 1297 2656 detur
1314 2623 1385 2672 quam
1394 2606 1449 2656 istic
1458 2607 1506 2656 emi

285 2696 412 2760 virginem.
449 2697 503 2746 Ter.
530 2694 606 2743 Andr.
628 2692 691 2758 prol.
715 2693 743 2742 3.·
769 2691 857 2758 populo
885 2696 912 2741 nt
929 2692 1051 2758 placerent
1068 2708 1125 2758 ques
1143 2693 1238 2742 fecisset
1260 2692 1360 2742 fabulas.
1396 2693 1504 2743 Hardere

284 2779 441 2831 roorbeeiden
464 2778 570 2828 houeden
597 2793 628 2843 op
652 2776 695 2826 llI.
718 2778 741 2825 6.
760 2778 799 2826 38.
834 2777 872 2841 Bij
890 2776 965 2826 latere
982 2776 1088 2827 dichters
1106 2777 1126 2826 is
1144 2777 1200 2827 dece
1217 2777 1503 2828 constructiezcldceam.

189 2921 197 2932 Ι
284 2867 338 2932 Vgl.
357 2866 416 2915 Hor.
435 2864 483 2913 set.
502 2863 522 2912 Ι.
542 2865 565 2910 4.
584 2862 615 2921 2,
633 2862 715 2911 quen.
736 2863 758 2910 3.
778 2863 818 2910 91.

318 2951 357 3001 20.
394 2947 544 3011 Geuoonlijh
561 2951 661 3006 onerat,
684 2946 726 2996 dat
743 2962 800 2996 men
817 2947 863 2995 dan
881 2946 910 2996 de
926 2947 1061 2997 verzwakte
1078 2946 1229 2997 hetaokenie:
1247 2947 1355 2996 aandccn
1372 2949 1449 3012 geeft,
1467 2949 1505 3000 dis

284 3035 328 3086 het
344 3035 413 3085 nouit
429 3033 483 3082 herl.
524 3031 601 3082 Ornat
619 3052 650 3076 =
669 3031 776 3080 iustruit.
812 3030 865 3096 vgl.
884 3030 969 3081 Pseud.
989 3032 1022 3080 11.
1043 3033 1064 3080 3.
1084 3033 1113 3081 9:
1132 3035 1159 3080 nt
1176 3030 1257 3081 lenoni
1274 3032 1392 3098 eriperem
1407 3032 1506 3082 mulier·

283 3120 362 3171 culam
380 3119 429 3168 iam
446 3117 572 3178 instituta,
588 3120 672 3166 ornata
690 3120 775 3166 concta
792 3117 827 3165 mi
845 3117 935 3166 ordine.
971 3117 1023 3166 Oce.
1041 3117 1088 3167 111.
1108 3119 1130 3166 3.
1150 3119 1190 3168 15:
1215 3119 1440 3168 iamneornatsrcs
1453 3119 1506 3169 cati

284 3206 366 3256 Zsmia
382 3205 404 3253 is
420 3203 463 3253 het
481 3203 522 3252 Gr.
541 3202 640 3274 ζημία,
660 3202 718 3251 door
736 3203 773 3252 Pl.
792 3202 956 3252 onverauderd
974 3203 1010 3251 uit
1027 3201 1069 3253 het
1087 3203 1129 3252 Gr.
1148 3203 1234 3265 (aliaeu
1249 3203 1310 3267 hier)
1324 3221 1505 3269 overgcnomen.

289 3301 338 3350 Ζου
355 3297 421 3348 heeft
429 3297 462 3360 hij
476 3296 522 3346 ook
533 3295 672 3355 malacisso,
688 3295 797 3355 bedinse,
809 3294 862 3344 dics
874 3294 967 3366 (δίκη),
981 3310 1062 3374 morus
1074 3299 1191 3370 (μωρός)
1200 3338 1207 3367 ‚
1217 3297 1321 3356 schema,
1331 3314 1368 3347 ,ω
1377 3299 1506 3372 (σχῆμα),

223 3407 231 3426 i
286 3391 426 3450 euscheme,
450 3390 500 3454 logi
518 3389 619 3460 (λόγοι).
655 3388 761 3454 Polupus
780 3389 814 3450 (in
831 3389 874 3438 het
891 3389 1007 3454 volgende
1026 3394 1087 3452 vers)
1108 3390 1172 3442 heeft
1189 3390 1258 3454 altijri
1276 3392 1306 3441 de
1323 3396 1399 3442 cerate
1416 3391 1508 3458 spllahe

285 3485 342 3551 lang
360 3485 395 3534 uia
413 3487 523 3534 ontstaan
541 3484 577 3532 uit
594 3481 760 3552 πουλύπους,
779 3481 921 3550 regelmstig
937 3485 970 3549 bij
990 3485 1018 3534 de
1030 3484 1108 3534 Attici
1120 3500 1177 3534 vcor
1189 3483 1323 3546 πολύπους
1336 3485 1419 3545 (Mein.
1432 3486 1507 3552 praef.

286 3579 388 3644 Hor..p.
406 3577 489 3640 XXV).

322 3664 361 3713 21.
397 3661 438 3711 uhi
455 3661 571 3727 quidquid
588 3661 732 3727 tetigerunt,
751 3665 803 3712 met
818 3662 1000 3729 inachtneming
1016 3679 1061 3713 vsu
1078 3663 1121 3713 het
1139 3663 1294 3714 onderscheid
1306 3680 1351 3714 ven
1365 3665 1465 3730 quisque
1477 3681 1507 3714 cn

288 3749 396 3815 quisquis
414 3752 492 3796 mocst
509 3747 547 3796 Pl.
561 3745 635 3796 hfubi
647 3747 764 3813 quidque,
778 3745 816 3807 tf,
829 3749 1017 3815 metwegiating
1029 3764 1073 3798 van
1085 3749 1141 3807 ubi,
1160 3750 1277 3814 quidquid
1286 3765 1387 3814 coggeu3
1402 3765 1469 3799 macr
1481 3751 1511 3800 de

288 3834 382 3884 Comici
403 3831 497 3882 hebben
516 3831 569 3881 hier
587 3849 616 3882 cn
634 3833 691 3882 dssr
703 3833 772 3884 beide
784 3834 925 3900 pronomina
938 3835 1060 3897 (deindef.
1071 3837 1139 3884 ende
1150 3835 1418 3898 relstievciudef.)met
1429 3835 1509 3886 clkaar

288 3918 439 3976 verniaseid,
462 3917 539 3966 zooals
562 3917 640 3968 bovcn
658 3935 688 3984 op
705 3919 725 3968 Ι.
745 3919 768 3968 2.
787 3921 820 3969 24
837 3920 858 3969 ie
875 3921 1032 3985 eangetoond.
1068 3919 1120 3986 Vgl.
1140 3921 1185 3970 ook
1202 3920 1293 3971 Lorsun
1310 3921 1340 3970 ad
1358 3921 1431 3970 Most.
1451 3921 1508 3971 818·

289 4004 355 4056 Toch
377 4004 399 4053 is
421 4003 538 4068 quidquid
561 4019 591 4068 op
615 4004 671 4054 dece
688 4004 765 4070 plaute
783 4005 850 4054 hurd.
886 4005 923 4055 De
946 4005 1044 4055 indicat.
1063 4007 1196 4071 tetigerunt
1212 4007 1234 4055 ie
1251 4005 1422 4071 uoodzakalijk.
1458 4007 1508 4068 (uic

287 4091 461 4153 Mnemosyne,
481 4086 560 4146 1875,
578 4104 601 4153 p.
621 4089 672 4151 90.)

323 4177 363 4226 25.
399 4174 465 4224 adire
482 4172 511 4223 ad
529 4174 664 4238 pactionem
688 4190 708 4223 c.
727 4190 748 4223 v.
770 4175 1060 4240 speciosissimarum
1079 4180 1129 4226 met
1146 4177 1193 4227 deu
1210 4193 1287 4227 accus.
1306 4192 1359 4226 eam
1376 4193 1441 4237 rem,
1465 4193 1508 4227 een

288 4260 395 4312 akkoord
412 4258 499 4308 mahen
517 4273 573 4307 over
591 4259 630 4307 die
647 4259 717 4318 noch,
736 4259 778 4308 het
795 4260 864 4326 geld3
883 4259 916 4324 hi]
935 4261 1055 4310 seruecht
1073 4277 1115 4312 eon
1133 4261 1242 4328 vcorslag
1254 4279 1299 4312 ven
1310 4262 1455 4328 Megadorus
1467 4277 1506 4312 om

288 4348 331 4399 uo
354 4345 408 4412 gold
426 4347 451 4394 te
469 4344 564 4404 dcelen,
587 4359 708 4394 uasrsoor
726 4346 781 4395 dene
798 4346 855 4396 hem
872 4346 1076 4414 gehoimhouding
1093 4365 1136 4398 nou
1153 4348 1261 4398 heleseu.
1295 4348 1360 4399 Voor
1377 4348 1423 4400 den
1440 4365 1507 4400 aceu-

289 4433 379 4483 sativue
396 4429 445 4496 egl.
462 4430 518 4479 idne
536 4430 592 4479 estis
605 4432 714 4480 suctores
726 4431 804 4481 mihi?
830 4434 884 4484 Ter.
897 4435 943 4482 Ad.
956 4434 984 4481 V.
998 4435 1020 4483 8.
1036 4435 1066 4483 16
1074 4455 1080 4494 ;
1098 4436 1123 4484 id
1135 4435 1191 4485 dare
1203 4451 1299 4500 operam
1312 4435 1386 4486 Andr.
1399 4436 1432 4484 11.
1448 4436 1469 4486 1.
1483 4434 1506 4488 7.

325 4518 365 4567 26.
399 4515 511 4575 iamiam,
547 4514 617 4564 Curc.
636 4515 664 4566 V.
684 4517 705 4566 3.
725 4518 767 4566 29:
789 4518 888 4567 ismism
906 4519 992 4568 faciam
1010 4523 1038 4568 ut
1055 4519 1160 4570 iusseris.
1195 4521 1249 4586 vgl.
1268 4538 1298 4587 op
1315 4521 1335 4571 Ι.
1355 4523 1377 4572 2.
1397 4523 1439 4572 26.

324 4605 364 4654 29.
399 4601 461 4651 alter
472 4601 498 4650 in
515 4601 638 4666 negotiove
656 4601 845 4668 uitdrulrkingeu
857 4620 887 4653 en
907 4620 996 4670 vragsn
1014 4621 1059 4655 van
1076 4607 1199 4672 negotiove
1217 4607 1342 4673 strclrking
1359 4622 1416 4657 roor
1433 4607 1506 4658 ullus.

290 4687 379 4755 Amph.
396 4687 438 4737 IV.
459 4688 480 4736 2.
500 4687 545 4736 12:
563 4687 604 4753 qui
621 4703 660 4736 me
678 4686 767 4737 Thebis
784 4687 846 4738 alter
862 4691 925 4739 vivit
942 4691 1071 4742 miseriori
1104 4693 1176 4742 Poen.
1195 4693 1236 4742 IV.
1256 4694 1278 4742 2.
1295 4695 1324 4742 3:
1341 4709 1416 4759 neque
1428 4693 1506 4758 perin-

291 4777 341 4827 rior
363 4790 438 4839 neque
455 4773 524 4840 peior
540 4774 601 4838 alter
619 4777 743 4840 usquamst
759 4775 877 4840 gentium.
913 4776 950 4826 De
967 4777 1006 4826 cin
1022 4778 1056 4827 is:
1091 4778 1176 4828 Euclio
1194 4779 1241 4828 siet
1259 4783 1329 4844 teges
1346 4780 1375 4829 de
1392 4779 1506 4845 uitgsveu

291 4879 334 4930 op,
352 4861 391 4910 die
408 4858 450 4908 het
466 4857 580 4922 huwclijk
597 4877 642 4909 ran
660 4861 721 4924 zijue
738 4861 837 4911 dochter
854 4877 913 4912 voor
929 4861 985 4912 hem
1003 4880 1034 4914 na
1049 4864 1104 4914 sich
1121 4865 1157 4914 cel
1173 4865 1275 4930 sleepcn.
